@inproceedings{mpads,
  title={{MPADS: memory-pooling-assisted data splitting}},
  author={Curial, Stephen and Zhao, Peng and Amaral, Jose Nelson and Gao, Yaoqing and Cui, Shimin and Silvera, Raul and Archambault, Roch},
  booktitle={Proceedings of the 7th international symposium on Memory management},
  year={2008},
}
